<record><leader>00000cas a2200000 a 4500</leader><controlfield tag="001">9475176</controlfield><controlfield tag="008">830503c18859999txudr ne      0    0eng c</controlfield><datafield ind1=" " ind2=" " tag="010"><subfield code="a">sn 83045278 </subfield></datafield><datafield ind1=" " ind2=" " tag="040"><subfield code="a">CRL</subfield><subfield code="b">eng</subfield><subfield code="c">CRL</subfield><subfield code="d">NPW</subfield><subfield code="d">NPU</subfield><subfield code="d">DLC</subfield><subfield code="d">NPT</subfield><subfield code="d">PPM</subfield><subfield code="d">YOX</subfield><subfield code="d">NJW</subfield><subfield code="d">OCL</subfield><subfield code="d">PPM</subfield><subfield code="d">KNP</subfield><subfield code="d">DLC</subfield><subfield code="d">MGN</subfield><subfield code="d">CNK</subfield><subfield code="d">OBN</subfield><subfield code="d">NVF</subfield><subfield code="d">DLC</subfield><subfield code="d">NVF</subfield><subfield code="d">DLC</subfield><subfield code="d">GK8</subfield><subfield code="d">OCLCQ</subfield><subfield code="d">OCLCF</subfield><subfield code="d">CUS</subfield><subfield code="d">WT2</subfield></datafield><datafield ind1=" " ind2=" " tag="019"><subfield code="a">1565845</subfield><subfield code="a">731477217</subfield></datafield><datafield ind1="1" ind2=" " tag="029"><subfield code="a">AU@</subfield><subfield code="b">000026373777</subfield></datafield><datafield ind1=" " ind2=" " tag="042"><subfield code="a">pcc</subfield></datafield><datafield ind1=" " ind2=" " tag="043"><subfield code="a">n-us-tx</subfield></datafield><datafield ind1="0" ind2="0" tag="050"><subfield code="a">Newspaper</subfield></datafield><datafield ind1=" " ind2="4" tag="050"><subfield code="a">AN</subfield></datafield><datafield ind1="0" ind2="4" tag="245"><subfield code="a">The Dallas morning news.</subfield></datafield><datafield ind1=" " ind2=" " tag="260"><subfield code="a">Dallas, Tex. :</subfield><subfield code="b">A.H. Belo &amp; Co.,</subfield><subfield code="c">1885-</subfield></datafield><datafield ind1=" " ind2=" " tag="300"><subfield code="a">v.</subfield></datafield><datafield ind1=" " ind2=" " tag="310"><subfield code="a">Daily</subfield></datafield><datafield ind1=" " ind2=" " tag="336"><subfield code="a">text</subfield><subfield code="b">txt</subfield><subfield code="2">rdacontent</subfield></datafield><datafield ind1=" " ind2=" " tag="337"><subfield code="a">unmediated</subfield><subfield code="b">n</subfield><subfield code="2">rdamedia</subfield></datafield><datafield ind1=" " ind2=" " tag="338"><subfield code="a">volume</subfield><subfield code="b">nc</subfield><subfield code="2">rdacarrier</subfield></datafield><datafield ind1="0" ind2=" " tag="362"><subfield code="a">Vol. 1, no. 1 (Oct. 1, 1885)-67th yr., no. 56 (Nov. 25, 1951) ; 103rd yr., no. 57 (Nov. 26, 1951)-</subfield></datafield><datafield ind1=" " ind2=" " tag="500"><subfield code="a">"Salute to past; pledge to future" Centennial ed. for the institution which published the Dallas morning news was published on Apr. 11, 1942. It contained reproductions of the front page of many earlier issues of the Morning news and other news publications.</subfield></datafield><datafield ind1=" " ind2=" " tag="500"><subfield code="a">Oct. 1, 1935 is 50th anniversary ed.</subfield></datafield><datafield ind1=" " ind2=" " tag="530"><subfield code="a">Also issued on microfilm from University Microfilms International.</subfield></datafield><datafield ind1=" " ind2=" " tag="530"><subfield code="a">Also issued from NewsBank, inc. as a CD-ROM with title: NewsBank CD news presents the Dallas morning news.</subfield></datafield><datafield ind1=" " ind2=" " tag="580"><subfield code="a">Also published in a semiweekly ed. with the same title.</subfield></datafield><datafield ind1=" " ind2=" " tag="588"><subfield code="a">Latest issue consulted: Aug. 31, 2000.</subfield></datafield><datafield ind1=" " ind2="0" tag="651"><subfield code="a">Dallas (Tex.)</subfield><subfield code="v">Newspapers.</subfield></datafield><datafield ind1=" " ind2="0" tag="651"><subfield code="a">Dallas County (Tex.)</subfield><subfield code="v">Newspapers.</subfield></datafield><datafield ind1=" " ind2="7" tag="651"><subfield code="a">Texas</subfield><subfield code="z">Dallas.</subfield><subfield code="2">fast</subfield><subfield code="0">(OCoLC)fst01204635</subfield></datafield><datafield ind1=" " ind2="7" tag="651"><subfield code="a">Texas</subfield><subfield code="z">Dallas County.</subfield><subfield code="2">fast</subfield><subfield code="0">(OCoLC)fst01205630</subfield></datafield><datafield ind1=" " ind2="4" tag="651"><subfield code="a">Texas</subfield><subfield code="z">Dallas.</subfield></datafield><datafield ind1=" " ind2="4" tag="651"><subfield code="a">Texas</subfield><subfield code="z">Dallas County.</subfield></datafield><datafield ind1=" " ind2="7" tag="655"><subfield code="a">Newspapers.</subfield><subfield code="2">fast</subfield><subfield code="0">(OCoLC)fst01423814</subfield></datafield><datafield ind1=" " ind2=" " tag="752"><subfield code="a">United States</subfield><subfield code="b">Texas</subfield><subfield code="c">Dallas</subfield><subfield code="d">Dallas.</subfield></datafield><datafield ind1="0" ind2="8" tag="776"><subfield code="i">Online version:</subfield><subfield code="t">Dallas morning news (Online)</subfield><subfield code="x">1553-846X</subfield><subfield code="w">(DLC)  2004216240</subfield><subfield code="w">(OCoLC)44336180</subfield></datafield><datafield ind1="0" ind2="5" tag="780"><subfield code="t">Dallas herald</subfield><subfield code="w">(DLC)sn9100072515</subfield></datafield><datafield ind1="0" ind2="5" tag="780"><subfield code="t">Dallas times herald</subfield><subfield code="w">(DLC)sn 83045115</subfield></datafield><datafield ind1="1" ind2=" " tag="787"><subfield code="t">NewsBank CD news presents the Dallas morning news</subfield><subfield code="x">1064-8313</subfield><subfield code="w">(DLC)   92644673</subfield><subfield code="w">(OCoLC)26450277</subfield></datafield><datafield ind1="4" ind2="1" tag="856"><subfield code="z">Full text available from Newspaper Source: 27/02/1997 to present</subfield><subfield code="u">http://search.ebscohost.com/login.aspx?direct=true&amp;db=nfh&amp;jn=Dallas+Morning+News,+The+(TX)&amp;site=ehost-live&amp;scope=site</subfield></datafield><datafield ind1="4" ind2="1" tag="856"><subfield code="3">10/01/1885 to 12/31/1900</subfield><subfield code="u">http://infoweb.newsbank.com/?db=EANX&amp;s_browseRef=decades/0F99DDB671832188/all.xml</subfield></datafield></record>